<?xml version="1.0" encoding="UTF-8"?><record xmlns="http://www.loc.gov/MARC21/slim" xmlns:cinclude="http://apache.org/cocoon/include/1.0" xmlns:zs="http://www.loc.gov/zing/srw/">
  <leader>00462nz  a2200133n  4500</leader>
  <controlfield tag="001">n 2008072332</controlfield>
  <controlfield tag="003">DLC</controlfield>
  <controlfield tag="005">20081028075022.0</controlfield>
  <controlfield tag="008">081027n| acannaabn          |a aaa      </controlfield>
  <datafield tag="010" ind1=" " ind2=" ">
    <subfield code="a">n 2008072332</subfield>
  </datafield>
  <datafield tag="040" ind1=" " ind2=" ">
    <subfield code="a">DLC</subfield>
    <subfield code="b">eng</subfield>
    <subfield code="c">DLC</subfield>
  </datafield>
  <datafield tag="100" ind1="1" ind2=" ">
    <subfield code="a">Gorman, Earl J.</subfield>
  </datafield>
  <datafield tag="400" ind1="1" ind2=" ">
    <subfield code="a">Gorman, E. J.</subfield>
    <subfield code="q">(Earl J.)</subfield>
  </datafield>
  <datafield tag="670" ind1=" " ind2=" ">
    <subfield code="a">Fire mission, c2008:</subfield>
    <subfield code="b">t.p. (Earl J. Gorman) p. 37 (E.J. Gorman) p. 291 (U.S. naval Academy graduate (1964), Juris Dr. degree (1972); lives in Clarendon,Hills, Ill.)</subfield>
  </datafield>
</record>